2221 3370
136 286 282 318 JoANsts
301 279 342 312 de
364 277 516 311 Bassolis.

200 343 257 2223 ἓΙΙΙΙΙΙΙΙΙΙ[ΙΙΙΙΙΙΙΙΙΙΙΙΙΙΙΙΙΙΙΗΙΙΙΙΙΙΙΙΙΙΙΙΙ

217 2259 269 3143 1111111111111111111111

306 319 480 354 Baesolius.

306 362 480 394 Bastonus.

305 402 469 436 Baiilardi.

305 445 414 478 Baius.

306 486 500 519 Baucianus.

306 528 347 561 de
366 528 499 561 Baucio.

304 570 472 603 Baverius.

305 612 473 645 Bavierus.

306 655 463 686 Becanus.

306 694 469 727 Beelzius.

304 735 514 769 Belesmeius.

306 776 473 810 Belethus.

310 817 430 851 Belius.

310 860 525 893 Bellernanus.

307 901 348 934 de
371 901 468 934 Bellis
485 899 647 942 manibus.

307 942 426 976 Bellus.

308 985 350 1018 de
371 985 482 1020 Belua.

309 1027 398 1060 Belo.

307 1069 461 1102 Bembus.

312 1111 519 1146 Benedictus.

312 1153 514 1187 Bentivolus.

308 1193 483 1228 Berardus.

311 1236 547 1276 Bergamensis.

309 1277 352 1310 de
369 1278 581 1321 Bernegamo.

311 1320 541 1361 Bel-negamus.

311 1360 446 1394 Berolis.

311 1402 541 1437 Bertachiuus.

299 1444 530 1479 Bel-linimus.

311 1487 514 1520 Bertramus.

313 1528 524 1562 Bervicanus.

313 1569 356 1602 de
373 1570 530 1603 Besianis.

312 1611 515 1645 Besodunus.

314 1653 478 1687 Bessan-io.

315 1694 489 1727 Beslonus.

317 1736 503 1773 Besuensis.

315 1777 553 1812 Betlnuniensis.

317 1819 571 1853 Reverlacensis.

319 1860 536 1895 Reverlacius.

320 1902 519 1936 Beverlaius.

320 1945 520 1979 Reverleius.

317 1985 434 2018 Bissus.

321 2027 481 2061 Biletlms.

320 2069 554 2112 Blaehenegus.

322 2111 460 2144 Blaerus.

324 2153 461 2186 Blaesus.

321 2193 361 2226 de
378 2194 548 2228 Blanasoo.

324 2236 478 2269 Blancus.

324 2277 364 2310 de
386 2278 552 2312 Blanesoo.

323 2319 364 2351 de
384 2320 496 2353 Blano.

323 2360 365 2393 de
383 2363 553 2395 Blanosco.

324 2402 365 2435 de
383 2404 576 2437 Blanvasco.

325 2445 484 2478 mondus.

324 2486 515 2520 Bloxamus.

326 2528 539 2562 Bloxhamus.

336 2569 494 2603 Blundus.

330 2612 538 2646 Boccaocius.

328 2654 603 2697 Bockinghamus.

329 2695 370 2728 de
390 2696 545 2729 Bornalia.

329 2736 371 2769 de
389 2737 543 2770 Bomelia.

331 2778 372 2810 de
393 2779 585 2811 Bommalia.

333 2820 572 2853 Bonaventura.

332 2861 546 2895 Ronimonus.

331 2903 372 2936 de
391 2903 547 2937 Bononia.

333 2942 491 2978 Borellus.

334 2986 502 3020 Borsalus.

334 3028 508 3062 Bonellus.

337 3069 507 3103 Boi-ubios.

327 3121 354 3145 -a
373 3111 488 3145 Bosw.

906 175 995 211 PER
1020 175 1209 211 NOMINA.

764 278 910 309 Jomsts
933 275 1103 307 Bosianus.

934 317 1114 349 Bosnenus.

934 357 1120 390 Bossianus.

934 399 1147 432 Bossinensis.

935 441 1193 474 Boteleshamus.

934 481 1220 516 Boueshamensis.

935 524 1106 557 Bolrellus.

933 566 1105 599 Bozianus.

934 607 1181 640 BrammartiuS.

936 650 1171 682 Brammartus.

935 690 1076 724 Brando.

935 730 1162 765 Brederodius.

939 772 1090 806 Brehalli.

938 814 1150 847 Brenlanlius.

936 856 1154 889 Breulanlius.

937 898 978 931 ‹le
1000 897 1188 931 Breviooxa.

939 939 1159 984 Breviscoxae.

941 981 1107 1014 Briardus.

940 1022 1077 1056 Bricius.

939 1062 1240 1106 Bridlinglonensis.

836 1127 873 1132 —
940 1107 980 1140 de
999 1106 1230 1148 Bridlinglona.

840 1168 874 1174 —
938 1147 1191 1188 Bridlingtonus.

834 1210 876 1216 —
941 1190 1133 1223 Briselotus.

841 1251 877 1257 —
942 1232 1165 1264 Brisselottus.

835 1296 875 1302 -
938 1274 1081 1306 Brissus.

836 1334 876 1341 --
940 1315 1157 1348 Britannicus.

838 1376 876 1382 —
942 1356 1133 1389 Brixiensis.

837 1417 878 1423 —-
942 1397 1123 1431 Brixilitus.

841 1461 879 1469 .-
945 1439 1146 1473 Brixilloius.

838 1504 878 1511 -
943 1481 1084 1514 Brizius.

838 1545 879 1553 ...
944 1522 1174 1556 Bromeardns.

838 1585 881 1592 —
923 1582 926 1583 ν
943 1564 1166 1598 Bromiardus.

839 1627 881 1633 —
947 1608 1177 1648 Bromplonus.

840 1668 881 1676 --
944 1650 1185 1690 Bragmannus.

841 1711 881 1717 -—
944 1690 1102 1725 Bruuius.

841 1753 881 1758 -
945 1732 988 1765 (le
1006 1730 1168 1765 Bruxella.

843 1788 884 1800 -·-
948 1774 990 1806 de
1007 1773 1183 1807 Bruxellis.

843 1838 881 1846 ..
949 1814 1172 1849 Bueohardus.

842 1877 884 1884 ——
947 1856 1112 1891 Burallus.
1163 1867 1166 1869 “

843 1919 884 1925 --
948 1898 1170 1932 Burcliardus.

842 1960 884 1967 -
947 1942 998 1974 Bu
1079 1940 1136 1974 sis.

844 2002 886 2010 -—
950 1981 993 2016 de
1037 1991 1130 2025 urgo.

851 2045 886 2054 -
949 2023 1168 2067 Burgundius.

845 2086 887 2094 —
949 2066 1144 2100 Bul-idanus.

847 2128 892 2135 —
955 2107 1132 2142 Buriensis.

846 2169 889 2177 —
955 2150 1112 2184 Burlaeus.

847 2212 888 2218 —-
955 2190 1124 2229 Eusebius.

849 2254 886 2259 —
954 2235 1090 2267 Buseus.

849 2295 890 2302 —
955 2273 1147 2308 Bussenius.

849 2337 883 2342 —
953 2315 1231 2350 Buslamantinus.

850 2381 888 2387 -
955 2356 1160 2398 cachengda.

848 2420 889 2426 —
954 2401 996 2434 «ie
1013 2399 1190 2439 cagnatiis.

848 2461 891 2468 —
954 2440 1142 2483 eagnatius.

854 2506 890 2513 ..
954 2484 1142 2522 cajetanus.

851 2546 892 2551 -
956 2525 1140 2558 calceatus.

850 2589 888 2596 -
956 2565 1161 2601 calderinus.

852 2629 892 2634 —
957 2607 1143 2642 caldrinus.

853 2671 894 2676 -
960 2651 1134 2691 Caligator.

854 2712 893 2718 —
960 2692 1164 2727 Calvisanus.

855 2754 892 2759 —
960 2734 1190 2768 Camaerensis.

855 2797 897 2804 —
963 2778 1166 2810 camaterus.

855 2837 900 2844 —
964 2817 1166 2852 cambellus.

857 2881 897 2889 ....
963 2869 981 2892 a
1006 2858 1150 2894 cambia.

854 2920 901 2928 —
965 2902 1006 2934 de
1023 2900 1187 2936 cambico.

877 2963 901 2968 -
964 2944 1163 2984 campanus.

861 3005 902 3010 -
966 2983 1174 3025 campegius.

862 3047 902 3053 —-
968 3025 1171 3067 campensis.

860 3088 901 3095 --
964 3067 1170 3109 campezius.

864 3130 904 3137 —
969 3110 1010 3144 de
1028 3111 1165 3153 campo.

1405 276 1551 308 Jonxes
1572 273 1807 315 Campsoeuns.

1470 497 1512 504 .—

1471 580 1513 587 ..-

1471 622 1514 630 .-

1470 664 1514 671 —

1471 748 1515 755 —

1472 791 1514 799 —

1477 995 1517 1002 —

1479 1081 1520 1089 .-

1477 1120 1519 1127 ..-

1476 1327 1519 1334 -

1478 1411 1521 1418 .-

1480 1494 1522 1501 -

1481 1536 1524 1544 ..-

1480 1581 1519 1589 ..-

1481 1664 1523 1672 ι-

1480 1705 1520 1713 σ-

1483 1744 1525 1752 .—

1483 1789 1526 1796 —

1486 1871 1528 1880 .-

1483 1955 1530 1962 .-

1486 2000 1527 2008 .-

1485 2039 1528 2047 .—

1487 2082 1529 2092 —

1491 2123 1530 2130 —-

1491 2248 1532 2255 .-

1490 2289 1532 2297 --

1490 2331 1533 2338 .—

1491 2372 1533 2380 ..-

1491 2414 1534 2422 .—

1489 2456 1532 2463 .-

1491 2538 1534 2545 .-

1494 2622 1536 2629 .—

1495 2663 1537 2670 .—

1500 2913 1543 2927 ...φ

1503 2997 1546 3004 ...-

1572 314 1854 358 campsconensiS.

1573 358 1786 398 campsenus.

1573 399 1715 438 campus
1734 398 1850 432 bellus.

1574 441 1735 472 cananus.

1575 480 1796 514 candelarius.

1576 521 1618 553 de
1636 521 1797 555 candelis.

1576 562 1617 595 de
1635 563 1786 596 Candelo.

1577 604 1768 637 canonicus.

1576 645 1831 680 caniacuzenus.

1576 687 1765 720 cantianus.

1579 729 1711 762 Cantor.

1578 770 1621 803 de
1639 770 1849 812 capestrano.

1580 812 1794 853 capgravius.

1578 852 1805 896 capistranus.

1580 895 1622 928 de
1640 896 1804 937 capistro.

1580 937 1622 970 de
1642 936 1836 978 capitaneis.

1580 979 1714 1018 Cannio.

1583 1020 1800 1062 Capogrevus.

1582 1062 1770 1102 capreolus.

1584 1101 1625 1134 de
1641 1104 1807 1144 capriaco.

1582 1142 1623 1176 de
1641 1143 1762 1186 capua.

1582 1193 1600 1217 e
1616 1185 1827 1218 carcassona.

1585 1225 1626 1259 de
1641 1227 1861 1260 cardailham.

1584 1267 1626 1301 de
1644 1269 1857 1302 cardalhaco.

1584 1310 1761 1344 carlerius.

1584 1352 1764 1386 carnificis.

1583 1393 1803 1427 carnotensis.

1586 1435 1733 1468 Carolus.

1586 1476 1825 1510 carthusianus
1835 1502 1842 1510 .

1586 1516 1627 1550 de
1647 1518 1808 1552 carvinio.

1584 1558 1626 1592 de
1645 1560 1728 1593 Casa
1746 1568 1841 1594 nova.

1585 1599 1627 1633 de
1646 1601 1851 1635 castellione.

1587 1640 1628 1675 de
1649 1643 1803 1677 castello.

1587 1682 1628 1716 cle
1647 1685 1846 1718 castillione.

1592 1726 1719 1760 castor.

1589 1768 1774 1802 castorius.

1587 1809 1629 1843 de
1638 1811 1774 1845 catena.

1591 1851 1633 1884 de
1646 1852 1774 1884 cauda.

1590 1893 1832 1927 Cavalcanlius.

1593 1937 1783 1969 caxtontus.

1593 1978 1767 2011 Caxtonus.

1593 2019 1635 2052 de
1658 2018 1819 2062 caylegio.

1589 2060 1762 2096 cellensis,

1595 2102 1638 2136 ‹le
1659 2102 1866 2136 Cenomanis.

1594 2145 1635 2177 de
1655 2144 1860 2178 cei-menate.

1595 2186 1637 2218 «le
1659 2185 1817 2219 Challeio.

1596 2228 1637 2260 de
1656 2227 1823 2268 Chanlaio.

1596 2270 1637 2301 ‹le
1658 2268 1843 2302 Cllanliaco.

1596 2309 1793 2344 Charlerius.

1595 2352 1855 2385 Clielmeslonus.

1595 2393 1869 2435 Chenningaulus.

1595 2435 1898 2469 clierchemondus„

1598 2477 1813 2510 Chiemensis.

1597 2518 1900 2559 Cllillingworthus.

1597 2561 1765 2594 cluoletus.

1601 2603 1817 2636 chrestonus.

1600 2643 1736 2679 Christo
1758 2644 1872 2678 horus.

1603 2686 1732 2728 Chryso
1746 2686 1846 2718 ithus.

1603 2728 1831 2769 Chrysolo'ras.

1606 2769 1796 2810 Cinnamus.

1607 2811 1648 2844 de
1665 2811 1793 2856 cii-eya.

1607 2852 1648 2886 de
1667 2851 1798 2894 cireyo.

1604 2894 1645 2927 de
1664 2893 1884 2929 claromonte.

1607 2936 1737 2969 Clarus.

1611 2977 1758 3011 clereus.

1609 3019 1767 3052 Clericus.

1507 3081 1549 3088 —-
1613 3061 1673 3095 Clo
1698 3061 1825 3095 illelius.

1508 3123 1551 3130 —-
1613 3104 1639 3137 C

1708 3103 1849 3146 ingeras,
